<record><leader>00000cas a2200000 a 4500</leader><controlfield tag="001">11986207</controlfield><controlfield tag="008">850501d19041905ksuwr ne      0    0eng d</controlfield><datafield ind1=" " ind2=" " tag="010"><subfield code="a">sn 85031328 </subfield></datafield><datafield ind1=" " ind2=" " tag="040"><subfield code="a">KSH</subfield><subfield code="b">eng</subfield><subfield code="c">KSH</subfield><subfield code="d">NPT</subfield><subfield code="d">OCL</subfield><subfield code="d">OCLCQ</subfield></datafield><datafield ind1=" " ind2=" " tag="042"><subfield code="a">msc</subfield></datafield><datafield ind1="0" ind2="4" tag="245"><subfield code="a">The Nemaha Kansan.</subfield></datafield><datafield ind1=" " ind2=" " tag="260"><subfield code="a">Seneca, Kan. :</subfield><subfield code="b">J.R. Derry,</subfield><subfield code="c">1904-1905.</subfield></datafield><datafield ind1=" " ind2=" " tag="300"><subfield code="a">1 v. ;</subfield><subfield code="c">40-56 cm.</subfield></datafield><datafield ind1=" " ind2=" " tag="310"><subfield code="a">Weekly</subfield></datafield><datafield ind1="0" ind2=" " tag="362"><subfield code="a">Vol. 6, no. 4 (Dec. 22, 1904)-v. 6, no. 17 (Mar. 23, 1905).</subfield></datafield><datafield ind1=" " ind2=" " tag="500"><subfield code="a">"Republican."</subfield></datafield><datafield ind1=" " ind2=" " tag="515"><subfield code="a">Numbering is irregular.</subfield></datafield><datafield ind1=" " ind2=" " tag="752"><subfield code="a">United States</subfield><subfield code="b">Kansas</subfield><subfield code="c">Nemaha</subfield><subfield code="d">Seneca.</subfield></datafield><datafield ind1="0" ind2="0" tag="780"><subfield code="t">Rural Kansan</subfield><subfield code="w">(DLC)sn 85031291</subfield></datafield></record>